@book{handbook-constraint-programming,
 author = {Rossi, Francesca and Beek, Peter van and Walsh, Toby},
 title = {Handbook of Constraint Programming (Foundations of Artificial Intelligence)},
 year = {2006},
 isbn = {0444527265},
 publisher = {Elsevier Science Inc.},
 address = {New York, NY, USA},
}

@article{MPG,
  title={Modeling and programming with gecode},
  author={Schulte, Christian and Tack, Guido and Lagerkvist, Mikael Z},
  year={2018},
  url={http://www.gecode.org/doc-latest/MPG.pdf},
  urldate={2018-03-14},
}

@article{BaB,
  title={Branch and bound algorithms-principles and examples},
  author={Clausen, Jens},
  journal={Department of Computer Science, University of Copenhagen},
  pages={1--30},
  year={1999}
}
