@article{survey,
 author = {Baudry, Benoit and Monperrus, Martin},
 title = {The Multiple Facets of Software Diversity: Recent Developments in Year 2000 and Beyond},
 journal = {ACM Comput. Surv.},
 issue_date = {September 2015},
 volume = {48},
 number = {1},
 month = sep,
 year = {2015},
 issn = {0360-0300},
 pages = {16:1--16:26},
 articleno = {16},
 numpages = {26},
 url = {http://doi.acm.org/10.1145/2807593},
 doi = {10.1145/2807593},
 acmid = {2807593},
 publisher = {ACM},
 address = {New York, NY, USA},
 keywords = {Software diversity, design principles, program transformation},
} 

@article{n-version,
author={A. Avizienis},
journal={IEEE Transactions on Software Engineering},
title={The N-Version Approach to Fault-Tolerant Software},
year={1985},
volume={SE-11},
number={12},
pages={1491-1501},
keywords={Design diversity;N-version programming;N-version software;fault tolerance;multiple computation;software reliability;tolerance of design faults;Application software;Circuit faults;Computer errors;Computer science;Fault tolerance;Fault tolerant systems;Hardware;Humans;Software reliability;Software testing;Design diversity;N-version programming;N-version software;fault tolerance;multiple computation;software reliability;tolerance of design faults},
doi={10.1109/TSE.1985.231893},
ISSN={0098-5589},
month={Dec}
}

@inproceedings{synthetic-diversity,
 author = {Just, James E. and Cornwell, Mark},
 title = {Review and Analysis of Synthetic Diversity for Breaking Monocultures},
 booktitle = {Proceedings of the 2004 ACM Workshop on Rapid Malcode},
 series = {WORM '04},
 year = {2004},
 isbn = {1-58113-970-5},
 location = {Washington DC, USA},
 pages = {23--32},
 numpages = {10},
 url = {http://doi.acm.org/10.1145/1029618.1029623},
 doi = {10.1145/1029618.1029623},
 acmid = {1029623},
 publisher = {ACM},
 address = {New York, NY, USA},
 keywords = {diversity, n-version programming, vulnerability},
} 

@inproceedings{add-obfuscation,
 author = {Bhatkar, Sandeep and DuVarney, Daniel C. and Sekar, R.},
 title = {Address Obfuscation: An Efficient Approach to Combat a Board Range of Memory Error Exploits},
 booktitle = {Proceedings of the 12th Conference on USENIX Security Symposium - Volume 12},
 series = {SSYM'03},
 year = {2003},
 location = {Washington, DC},
 pages = {8--8},
 numpages = {1},
 url = {http://dl.acm.org/citation.cfm?id=1251353.1251361},
 acmid = {1251361},
 publisher = {USENIX Association},
 address = {Berkeley, CA, USA},
} 

@article{os-randomization,
	title = {Mitigating Buffer Overflows by Operating System Randomization},
	author = {Chew, Monica and Song, Dawn},
	year = {2009},
	month = {04}
}

@inproceedings{mem-exploits,
 author = {Bhatkar, Sandeep and Sekar, R. and DuVarney, Daniel C.},
 title = {Efficient Techniques for Comprehensive Protection from Memory Error Exploits},
 booktitle = {Proceedings of the 14th Conference on USENIX Security Symposium - Volume 14},
 series = {SSYM'05},
 year = {2005},
 location = {Baltimore, MD},
 pages = {17--17},
 numpages = {1},
 url = {http://dl.acm.org/citation.cfm?id=1251398.1251415},
 acmid = {1251415},
 publisher = {USENIX Association},
 address = {Berkeley, CA, USA},
} 
