@manual {unison-src,
	author = "Roberto Castañeda Lozano",
	url = "https://github.com/unison-code/unison/tree/master",
	urldate = "2018-03-17",
	organization = "Swedish Institute of Computer Science and KTH",
}

@manual {unison-docs,
	author = "Roberto Castañeda Lozano",
	url = "https://github.com/unison-code/unison/tree/master/doc",
	urldate = "2018-02-12",
	organization = "Swedish Institute of Computer Science and KTH",
}

@manual {unison-docs-examples,
	author = "Roberto Castañeda Lozano",
	url = "https://github.com/unison-code/unison/tree/master/doc/code",
	urldate = "2018-02-08",
	organization = "Swedish Institute of Computer Science and KTH",
}

@inproceedings{reg-alloc-inst-sched-uni,
 author = {Lozano, Roberto Casta\~{n}eda and Carlsson, Mats and Blindell, Gabriel Hjort and Schulte, Christian},
 title = {Register Allocation and Instruction Scheduling in Unison},
 booktitle = {Proceedings of the 25th International Conference on Compiler Construction},
 series = {CC 2016},
 year = {2016},
 isbn = {978-1-4503-4241-4},
 location = {Barcelona, Spain},
 pages = {263--264},
 numpages = {2},
 url = {http://doi.acm.org/10.1145/2892208.2892237},
 doi = {10.1145/2892208.2892237},
 acmid = {2892237},
 publisher = {ACM},
 address = {New York, NY, USA},
 keywords = {combinatorial optimization, instruction scheduling, register allocation},
} 


@inproceedings{constraint-based,
 author = {Lozano, Roberto Casta\~{n}eda and Carlsson, Mats and Drejhammar, Frej and Schulte, Christian},
 title = {Constraint-Based Register Allocation and Instruction Scheduling},
 booktitle = {Proceedings of the 18th International Conference on Principles and Practice of Constraint Programming},
 series = {CP'12},
 year = {2012},
 isbn = {978-3-642-33557-0},
 location = {Qu\&\#233;bec City, QC, Canada},
 pages = {750--766},
 numpages = {17},
 url = {http://dx.doi.org/10.1007/978-3-642-33558-7_54},
 doi = {10.1007/978-3-642-33558-7_54},
 acmid = {2405352},
 publisher = {Springer-Verlag},
 address = {Berlin, Heidelberg},
} 

@manual {gcc-ssa,
	title = "Static Single Assignment",
	url = "https://gcc.gnu.org/onlinedocs/gccint/SSA.html",
	organization = "GNU Project",
}

@article{comb-spill,
 author = {Casta\~{n}eda Lozano, Roberto and Carlsson, Mats and Hjort Blindell, Gabriel and Schulte, Christian},
 title = {Combinatorial Spill Code Optimization and Ultimate Coalescing},
 journal = {SIGPLAN Not.},
 issue_date = {May 2014},
 volume = {49},
 number = {5},
 month = jun,
 year = {2014},
 issn = {0362-1340},
 pages = {23--32},
 numpages = {10},
 url = {http://doi.acm.org/10.1145/2666357.2597815},
 doi = {10.1145/2666357.2597815},
 acmid = {2597815},
 publisher = {ACM},
 address = {New York, NY, USA},
 keywords = {combinatorial optimization, instruction scheduling, register allocation, spill code optimization, ultimate coalescing},
} 
